%YAML 1.1
%TAG !u! tag:unity3d.com,2011:
--- !u!1 &1811082328
GameObject:
  m_ObjectHideFlags: 0
  m_CorrespondingSourceObject: {fileID: 0}
  m_PrefabInstance: {fileID: 0}
  m_PrefabAsset: {fileID: 0}
  serializedVersion: 6
  m_Component:
  - component: {fileID: 1811082331}
  - component: {fileID: 1811082330}
  - component: {fileID: 1811082329}
  m_Layer: 0
  m_Name: EventSystem
  m_TagString: Untagged
  m_Icon: {fileID: 0}
  m_NavMeshLayer: 0
  m_StaticEditorFlags: 0
  m_IsActive: 1
--- !u!4 &1811082331
Transform:
  m_ObjectHideFlags: 0
  m_CorrespondingSourceObject: {fileID: 0}
  m_PrefabInstance: {fileID: 0}
  m_PrefabAsset: {fileID: 0}
  m_GameObject: {fileID: 1811082328}
  m_LocalRotation: {x: -0, y: -0, z: -0, w: 1}
  m_LocalPosition: {x: 0, y: 0, z: 0}
  m_LocalScale: {x: 1, y: 1, z: 1}
  m_Children: []
  m_Father: {fileID: 3301903755116789130}
  m_RootOrder: 6
  m_LocalEulerAnglesHint: {x: 0, y: 0, z: 0}
--- !u!114 &1811082330
MonoBehaviour:
  m_ObjectHideFlags: 0
  m_CorrespondingSourceObject: {fileID: 0}
  m_PrefabInstance: {fileID: 0}
  m_PrefabAsset: {fileID: 0}
  m_GameObject: {fileID: 1811082328}
  m_Enabled: 1
  m_EditorHideFlags: 0
  m_Script: {fileID: 11500000, guid: 76c392e42b5098c458856cdf6ecaaaa1, type: 3}
  m_Name: 
  m_EditorClassIdentifier: 
  m_FirstSelected: {fileID: 3301903755099164971}
  m_sendNavigationEvents: 1
  m_DragThreshold: 10
--- !u!114 &1811082329
MonoBehaviour:
  m_ObjectHideFlags: 0
  m_CorrespondingSourceObject: {fileID: 0}
  m_PrefabInstance: {fileID: 0}
  m_PrefabAsset: {fileID: 0}
  m_GameObject: {fileID: 1811082328}
  m_Enabled: 1
  m_EditorHideFlags: 0
  m_Script: {fileID: 11500000, guid: 01614664b831546d2ae94a42149d80ac, type: 3}
  m_Name: 
  m_EditorClassIdentifier: 
  m_MoveRepeatDelay: 0.5
  m_MoveRepeatRate: 0.1
  m_ActionsAsset: {fileID: -944628639613478452, guid: e07e3937ea81e804492debbe774c502d, type: 3}
  m_PointAction: {fileID: 5727048515737366695, guid: e07e3937ea81e804492debbe774c502d, type: 3}
  m_MoveAction: {fileID: -3874935130095465987, guid: e07e3937ea81e804492debbe774c502d, type: 3}
  m_SubmitAction: {fileID: -2472748862104916560, guid: e07e3937ea81e804492debbe774c502d, type: 3}
  m_CancelAction: {fileID: -6688095043688331222, guid: e07e3937ea81e804492debbe774c502d, type: 3}
  m_LeftClickAction: {fileID: 3600992465160175572, guid: e07e3937ea81e804492debbe774c502d, type: 3}
  m_MiddleClickAction: {fileID: 3955367170033380117, guid: e07e3937ea81e804492debbe774c502d, type: 3}
  m_RightClickAction: {fileID: -2302629408645826153, guid: e07e3937ea81e804492debbe774c502d, type: 3}
  m_ScrollWheelAction: {fileID: 4161640711660503971, guid: e07e3937ea81e804492debbe774c502d, type: 3}
  m_TrackedDevicePositionAction: {fileID: 3573410384502609751, guid: e07e3937ea81e804492debbe774c502d, type: 3}
  m_TrackedDeviceOrientationAction: {fileID: -8720421679677387200, guid: e07e3937ea81e804492debbe774c502d, type: 3}
  m_DeselectOnBackgroundClick: 0
  m_PointerBehavior: 1
--- !u!1 &2617852059144878874
GameObject:
  m_ObjectHideFlags: 0
  m_CorrespondingSourceObject: {fileID: 0}
  m_PrefabInstance: {fileID: 0}
  m_PrefabAsset: {fileID: 0}
  serializedVersion: 6
  m_Component:
  - component: {fileID: 7042897923057763476}
  - component: {fileID: 1489882503256630816}
  m_Layer: 5
  m_Name: Characters
  m_TagString: Untagged
  m_Icon: {fileID: 0}
  m_NavMeshLayer: 0
  m_StaticEditorFlags: 0
  m_IsActive: 1
--- !u!224 &7042897923057763476
RectTransform:
  m_ObjectHideFlags: 0
  m_CorrespondingSourceObject: {fileID: 0}
  m_PrefabInstance: {fileID: 0}
  m_PrefabAsset: {fileID: 0}
  m_GameObject: {fileID: 2617852059144878874}
  m_LocalRotation: {x: 0, y: 0, z: 0, w: 1}
  m_LocalPosition: {x: 0, y: 0, z: 0}
  m_LocalScale: {x: 1, y: 1, z: 1}
  m_Children:
  - {fileID: 4900989042597962443}
  - {fileID: 3938007764163018181}
  m_Father: {fileID: 3301903755116789130}
  m_RootOrder: 2
  m_LocalEulerAnglesHint: {x: 0, y: 0, z: 0}
  m_AnchorMin: {x: 0.5, y: 0.5}
  m_AnchorMax: {x: 0.5, y: 0.5}
  m_AnchoredPosition: {x: 0, y: 52}
  m_SizeDelta: {x: 128, y: 128}
  m_Pivot: {x: 0.5, y: 0.5}
--- !u!223 &1489882503256630816
Canvas:
  m_ObjectHideFlags: 0
  m_CorrespondingSourceObject: {fileID: 0}
  m_PrefabInstance: {fileID: 0}
  m_PrefabAsset: {fileID: 0}
  m_GameObject: {fileID: 2617852059144878874}
  m_Enabled: 1
  serializedVersion: 3
  m_RenderMode: 2
  m_Camera: {fileID: 0}
  m_PlaneDistance: 100
  m_PixelPerfect: 0
  m_ReceivesEvents: 1
  m_OverrideSorting: 0
  m_OverridePixelPerfect: 0
  m_SortingBucketNormalizedSize: 0
  m_AdditionalShaderChannelsFlag: 0
  m_SortingLayerID: 0
  m_SortingOrder: 0
  m_TargetDisplay: 0
--- !u!1 &2858543322948869865
GameObject:
  m_ObjectHideFlags: 0
  m_CorrespondingSourceObject: {fileID: 0}
  m_PrefabInstance: {fileID: 0}
  m_PrefabAsset: {fileID: 0}
  serializedVersion: 6
  m_Component:
  - component: {fileID: 3938007764163018181}
  - component: {fileID: 777493739096274953}
  - component: {fileID: 3972505322152655679}
  m_Layer: 5
  m_Name: Max
  m_TagString: Untagged
  m_Icon: {fileID: 0}
  m_NavMeshLayer: 0
  m_StaticEditorFlags: 0
  m_IsActive: 1
--- !u!224 &3938007764163018181
RectTransform:
  m_ObjectHideFlags: 0
  m_CorrespondingSourceObject: {fileID: 0}
  m_PrefabInstance: {fileID: 0}
  m_PrefabAsset: {fileID: 0}
  m_GameObject: {fileID: 2858543322948869865}
  m_LocalRotation: {x: 0, y: 0, z: 0, w: 1}
  m_LocalPosition: {x: 0, y: 0, z: 0}
  m_LocalScale: {x: 1, y: 1, z: 1}
  m_Children: []
  m_Father: {fileID: 7042897923057763476}
  m_RootOrder: 1
  m_LocalEulerAnglesHint: {x: 0, y: 0, z: 0}
  m_AnchorMin: {x: 0.5, y: 0.5}
  m_AnchorMax: {x: 0.5, y: 0.5}
  m_AnchoredPosition: {x: 21.3, y: -51.6}
  m_SizeDelta: {x: 48, y: 72}
  m_Pivot: {x: 0.5, y: 0}
--- !u!222 &777493739096274953
CanvasRenderer:
  m_ObjectHideFlags: 0
  m_CorrespondingSourceObject: {fileID: 0}
  m_PrefabInstance: {fileID: 0}
  m_PrefabAsset: {fileID: 0}
  m_GameObject: {fileID: 2858543322948869865}
  m_CullTransparentMesh: 0
--- !u!114 &3972505322152655679
MonoBehaviour:
  m_ObjectHideFlags: 0
  m_CorrespondingSourceObject: {fileID: 0}
  m_PrefabInstance: {fileID: 0}
  m_PrefabAsset: {fileID: 0}
  m_GameObject: {fileID: 2858543322948869865}
  m_Enabled: 1
  m_EditorHideFlags: 0
  m_Script: {fileID: 11500000, guid: fe87c0e1cc204ed48ad3b37840f39efc, type: 3}
  m_Name: 
  m_EditorClassIdentifier: 
  m_Material: {fileID: 0}
  m_Color: {r: 1, g: 1, b: 1, a: 1}
  m_RaycastTarget: 0
  m_RaycastPadding: {x: 0, y: 0, z: 0, w: 0}
  m_Maskable: 0
  m_OnCullStateChanged:
    m_PersistentCalls:
      m_Calls: []
  m_Sprite: {fileID: 5719701388683310942, guid: 415621fc941e351458f9f5374afccc97, type: 3}
  m_Type: 0
  m_PreserveAspect: 0
  m_FillCenter: 1
  m_FillMethod: 4
  m_FillAmount: 1
  m_FillClockwise: 1
  m_FillOrigin: 0
  m_UseSpriteMesh: 0
  m_PixelsPerUnitMultiplier: 1
--- !u!1 &3070060978724840595
GameObject:
  m_ObjectHideFlags: 0
  m_CorrespondingSourceObject: {fileID: 0}
  m_PrefabInstance: {fileID: 0}
  m_PrefabAsset: {fileID: 0}
  serializedVersion: 6
  m_Component:
  - component: {fileID: 4900989042597962443}
  - component: {fileID: 2750106155957023888}
  - component: {fileID: 3660231654191569315}
  m_Layer: 5
  m_Name: Goofy
  m_TagString: Untagged
  m_Icon: {fileID: 0}
  m_NavMeshLayer: 0
  m_StaticEditorFlags: 0
  m_IsActive: 1
--- !u!224 &4900989042597962443
RectTransform:
  m_ObjectHideFlags: 0
  m_CorrespondingSourceObject: {fileID: 0}
  m_PrefabInstance: {fileID: 0}
  m_PrefabAsset: {fileID: 0}
  m_GameObject: {fileID: 3070060978724840595}
  m_LocalRotation: {x: 0, y: 0, z: 0, w: 1}
  m_LocalPosition: {x: 0, y: 0, z: 0}
  m_LocalScale: {x: 1, y: 1, z: 1}
  m_Children: []
  m_Father: {fileID: 7042897923057763476}
  m_RootOrder: 0
  m_LocalEulerAnglesHint: {x: 0, y: 0, z: 0}
  m_AnchorMin: {x: 0.5, y: 0.5}
  m_AnchorMax: {x: 0.5, y: 0.5}
  m_AnchoredPosition: {x: -27.4, y: -52}
  m_SizeDelta: {x: 56, y: 104}
  m_Pivot: {x: 0.5, y: 0}
--- !u!222 &2750106155957023888
CanvasRenderer:
  m_ObjectHideFlags: 0
  m_CorrespondingSourceObject: {fileID: 0}
  m_PrefabInstance: {fileID: 0}
  m_PrefabAsset: {fileID: 0}
  m_GameObject: {fileID: 3070060978724840595}
  m_CullTransparentMesh: 0
--- !u!114 &3660231654191569315
MonoBehaviour:
  m_ObjectHideFlags: 0
  m_CorrespondingSourceObject: {fileID: 0}
  m_PrefabInstance: {fileID: 0}
  m_PrefabAsset: {fileID: 0}
  m_GameObject: {fileID: 3070060978724840595}
  m_Enabled: 1
  m_EditorHideFlags: 0
  m_Script: {fileID: 11500000, guid: fe87c0e1cc204ed48ad3b37840f39efc, type: 3}
  m_Name: 
  m_EditorClassIdentifier: 
  m_Material: {fileID: 0}
  m_Color: {r: 1, g: 1, b: 1, a: 1}
  m_RaycastTarget: 0
  m_RaycastPadding: {x: 0, y: 0, z: 0, w: 0}
  m_Maskable: 0
  m_OnCullStateChanged:
    m_PersistentCalls:
      m_Calls: []
  m_Sprite: {fileID: 2338849425698072181, guid: 415621fc941e351458f9f5374afccc97, type: 3}
  m_Type: 0
  m_PreserveAspect: 0
  m_FillCenter: 1
  m_FillMethod: 4
  m_FillAmount: 1
  m_FillClockwise: 1
  m_FillOrigin: 0
  m_UseSpriteMesh: 0
  m_PixelsPerUnitMultiplier: 1
--- !u!1 &3301903755116789134
GameObject:
  m_ObjectHideFlags: 0
  m_CorrespondingSourceObject: {fileID: 0}
  m_PrefabInstance: {fileID: 0}
  m_PrefabAsset: {fileID: 0}
  serializedVersion: 6
  m_Component:
  - component: {fileID: 3301903755116789130}
  - component: {fileID: 3301903755116789131}
  - component: {fileID: 3301903755116789132}
  - component: {fileID: 6122058873837627429}
  - component: {fileID: 3439801908610696978}
  - component: {fileID: 6913640624724361014}
  - component: {fileID: 6408070918934219902}
  - component: {fileID: 2503460985555194325}
  m_Layer: 5
  m_Name: MainMenuCanvas
  m_TagString: Untagged
  m_Icon: {fileID: 0}
  m_NavMeshLayer: 0
  m_StaticEditorFlags: 0
  m_IsActive: 1
--- !u!224 &3301903755116789130
RectTransform:
  m_ObjectHideFlags: 0
  m_CorrespondingSourceObject: {fileID: 0}
  m_PrefabInstance: {fileID: 0}
  m_PrefabAsset: {fileID: 0}
  m_GameObject: {fileID: 3301903755116789134}
  m_LocalRotation: {x: 0, y: 0, z: 0, w: 1}
  m_LocalPosition: {x: 0, y: 0, z: 0}
  m_LocalScale: {x: 0, y: 0, z: 0}
  m_Children:
  - {fileID: 8590951602167186775}
  - {fileID: 3301903755814028594}
  - {fileID: 7042897923057763476}
  - {fileID: 3241240722937974124}
  - {fileID: 3301903755373626138}
  - {fileID: 8017427000153224756}
  - {fileID: 1811082331}
  m_Father: {fileID: 0}
  m_RootOrder: 0
  m_LocalEulerAnglesHint: {x: 0, y: 0, z: 0}
  m_AnchorMin: {x: 0, y: 0}
  m_AnchorMax: {x: 0, y: 0}
  m_AnchoredPosition: {x: 0, y: 0}
  m_SizeDelta: {x: 0, y: 0}
  m_Pivot: {x: 0, y: 0}
--- !u!223 &3301903755116789131
Canvas:
  m_ObjectHideFlags: 0
  m_CorrespondingSourceObject: {fileID: 0}
  m_PrefabInstance: {fileID: 0}
  m_PrefabAsset: {fileID: 0}
  m_GameObject: {fileID: 3301903755116789134}
  m_Enabled: 1
  serializedVersion: 3
  m_RenderMode: 0
  m_Camera: {fileID: 0}
  m_PlaneDistance: 100
  m_PixelPerfect: 1
  m_ReceivesEvents: 1
  m_OverrideSorting: 0
  m_OverridePixelPerfect: 0
  m_SortingBucketNormalizedSize: 0
  m_AdditionalShaderChannelsFlag: 25
  m_SortingLayerID: 0
  m_SortingOrder: 0
  m_TargetDisplay: 0
--- !u!114 &3301903755116789132
MonoBehaviour:
  m_ObjectHideFlags: 0
  m_CorrespondingSourceObject: {fileID: 0}
  m_PrefabInstance: {fileID: 0}
  m_PrefabAsset: {fileID: 0}
  m_GameObject: {fileID: 3301903755116789134}
  m_Enabled: 1
  m_EditorHideFlags: 0
  m_Script: {fileID: 11500000, guid: 0cd44c1031e13a943bb63640046fad76, type: 3}
  m_Name: 
  m_EditorClassIdentifier: 
  m_UiScaleMode: 1
  m_ReferencePixelsPerUnit: 8
  m_ScaleFactor: 1
  m_ReferenceResolution: {x: 256, y: 224}
  m_ScreenMatchMode: 0
  m_MatchWidthOrHeight: 1
  m_PhysicalUnit: 3
  m_FallbackScreenDPI: 96
  m_DefaultSpriteDPI: 96
  m_DynamicPixelsPerUnit: 1
  m_PresetInfoIsWorld: 0
--- !u!95 &6122058873837627429
Animator:
  serializedVersion: 3
  m_ObjectHideFlags: 0
  m_CorrespondingSourceObject: {fileID: 0}
  m_PrefabInstance: {fileID: 0}
  m_PrefabAsset: {fileID: 0}
  m_GameObject: {fileID: 3301903755116789134}
  m_Enabled: 1
  m_Avatar: {fileID: 0}
  m_Controller: {fileID: 9100000, guid: 9c87ec2e1bd7b374b8fa0ede165609ff, type: 2}
  m_CullingMode: 0
  m_UpdateMode: 0
  m_ApplyRootMotion: 0
  m_LinearVelocityBlending: 0
  m_WarningMessage: 
  m_HasTransformHierarchy: 1
  m_AllowConstantClipSamplingOptimization: 1
  m_KeepAnimatorControllerStateOnDisable: 0
--- !u!222 &3439801908610696978
CanvasRenderer:
  m_ObjectHideFlags: 0
  m_CorrespondingSourceObject: {fileID: 0}
  m_PrefabInstance: {fileID: 0}
  m_PrefabAsset: {fileID: 0}
  m_GameObject: {fileID: 3301903755116789134}
  m_CullTransparentMesh: 0
--- !u!114 &6913640624724361014
MonoBehaviour:
  m_ObjectHideFlags: 0
  m_CorrespondingSourceObject: {fileID: 0}
  m_PrefabInstance: {fileID: 0}
  m_PrefabAsset: {fileID: 0}
  m_GameObject: {fileID: 3301903755116789134}
  m_Enabled: 1
  m_EditorHideFlags: 0
  m_Script: {fileID: 11500000, guid: 4e0c2c73b392c34499dffb76034d33ac, type: 3}
  m_Name: 
  m_EditorClassIdentifier: 
--- !u!114 &6408070918934219902
MonoBehaviour:
  m_ObjectHideFlags: 0
  m_CorrespondingSourceObject: {fileID: 0}
  m_PrefabInstance: {fileID: 0}
  m_PrefabAsset: {fileID: 0}
  m_GameObject: {fileID: 3301903755116789134}
  m_Enabled: 1
  m_EditorHideFlags: 0
  m_Script: {fileID: 11500000, guid: 473fcd2ae9706db48bebbf7acf576814, type: 3}
  m_Name: 
  m_EditorClassIdentifier: 
  animator: {fileID: 6122058873837627429}
--- !u!114 &2503460985555194325
MonoBehaviour:
  m_ObjectHideFlags: 0
  m_CorrespondingSourceObject: {fileID: 0}
  m_PrefabInstance: {fileID: 0}
  m_PrefabAsset: {fileID: 0}
  m_GameObject: {fileID: 3301903755116789134}
  m_Enabled: 1
  m_EditorHideFlags: 0
  m_Script: {fileID: 11500000, guid: 12156414e34c67f4283ccd4883ac4669, type: 3}
  m_Name: 
  m_EditorClassIdentifier: 
  sceneLoader: {fileID: 6913640624724361014}
  animator: {fileID: 6408070918934219902}
  levelName: Level-01
--- !u!1 &3301903755373626139
GameObject:
  m_ObjectHideFlags: 0
  m_CorrespondingSourceObject: {fileID: 0}
  m_PrefabInstance: {fileID: 0}
  m_PrefabAsset: {fileID: 0}
  serializedVersion: 6
  m_Component:
  - component: {fileID: 3301903755373626138}
  - component: {fileID: 8393993660906578449}
  - component: {fileID: 2682103402007915266}
  - component: {fileID: 8413175619310893041}
  - component: {fileID: 8395519419442458065}
  m_Layer: 5
  m_Name: Buttons
  m_TagString: Untagged
  m_Icon: {fileID: 0}
  m_NavMeshLayer: 0
  m_StaticEditorFlags: 0
  m_IsActive: 1
--- !u!224 &3301903755373626138
RectTransform:
  m_ObjectHideFlags: 0
  m_CorrespondingSourceObject: {fileID: 0}
  m_PrefabInstance: {fileID: 0}
  m_PrefabAsset: {fileID: 0}
  m_GameObject: {fileID: 3301903755373626139}
  m_LocalRotation: {x: 0, y: 0, z: 0, w: 1}
  m_LocalPosition: {x: 0, y: 0, z: 0}
  m_LocalScale: {x: 1, y: 1, z: 1}
  m_Children:
  - {fileID: 8879644649896945910}
  - {fileID: 3301903755099164970}
  - {fileID: 3751810980732667653}
  m_Father: {fileID: 3301903755116789130}
  m_RootOrder: 4
  m_LocalEulerAnglesHint: {x: 0, y: 0, z: 0}
  m_AnchorMin: {x: 0, y: 0}
  m_AnchorMax: {x: 1, y: 0}
  m_AnchoredPosition: {x: 0, y: 28}
  m_SizeDelta: {x: 0, y: 18}
  m_Pivot: {x: 0.5, y: 0.5}
--- !u!114 &8393993660906578449
MonoBehaviour:
  m_ObjectHideFlags: 0
  m_CorrespondingSourceObject: {fileID: 0}
  m_PrefabInstance: {fileID: 0}
  m_PrefabAsset: {fileID: 0}
  m_GameObject: {fileID: 3301903755373626139}
  m_Enabled: 1
  m_EditorHideFlags: 0
  m_Script: {fileID: 11500000, guid: 30649d3a9faa99c48a7b1166b86bf2a0, type: 3}
  m_Name: 
  m_EditorClassIdentifier: 
  m_Padding:
    m_Left: 0
    m_Right: 0
    m_Top: 0
    m_Bottom: 0
  m_ChildAlignment: 4
  m_Spacing: 1
  m_ChildForceExpandWidth: 0
  m_ChildForceExpandHeight: 1
  m_ChildControlWidth: 0
  m_ChildControlHeight: 0
  m_ChildScaleWidth: 0
  m_ChildScaleHeight: 0
  m_ReverseArrangement: 0
--- !u!223 &2682103402007915266
Canvas:
  m_ObjectHideFlags: 0
  m_CorrespondingSourceObject: {fileID: 0}
  m_PrefabInstance: {fileID: 0}
  m_PrefabAsset: {fileID: 0}
  m_GameObject: {fileID: 3301903755373626139}
  m_Enabled: 1
  serializedVersion: 3
  m_RenderMode: 2
  m_Camera: {fileID: 0}
  m_PlaneDistance: 100
  m_PixelPerfect: 0
  m_ReceivesEvents: 1
  m_OverrideSorting: 0
  m_OverridePixelPerfect: 0
  m_SortingBucketNormalizedSize: 0
  m_AdditionalShaderChannelsFlag: 0
  m_SortingLayerID: 0
  m_SortingOrder: 0
  m_TargetDisplay: 0
--- !u!114 &8413175619310893041
MonoBehaviour:
  m_ObjectHideFlags: 0
  m_CorrespondingSourceObject: {fileID: 0}
  m_PrefabInstance: {fileID: 0}
  m_PrefabAsset: {fileID: 0}
  m_GameObject: {fileID: 3301903755373626139}
  m_Enabled: 1
  m_EditorHideFlags: 0
  m_Script: {fileID: 11500000, guid: dc42784cf147c0c48a680349fa168899, type: 3}
  m_Name: 
  m_EditorClassIdentifier: 
  m_IgnoreReversedGraphics: 1
  m_BlockingObjects: 0
  m_BlockingMask:
    serializedVersion: 2
    m_Bits: 4294967295
--- !u!114 &8395519419442458065
MonoBehaviour:
  m_ObjectHideFlags: 0
  m_CorrespondingSourceObject: {fileID: 0}
  m_PrefabInstance: {fileID: 0}
  m_PrefabAsset: {fileID: 0}
  m_GameObject: {fileID: 3301903755373626139}
  m_Enabled: 1
  m_EditorHideFlags: 0
  m_Script: {fileID: 11500000, guid: 7f3a024d4a2ebca4fabaa9ae8f9b7c1c, type: 3}
  m_Name: 
  m_EditorClassIdentifier: 
  selectables:
  - {fileID: 1237947296959868239}
  - {fileID: 5171945166785369235}
  - {fileID: 6775062519532192444}
--- !u!1 &3301903755814028595
GameObject:
  m_ObjectHideFlags: 0
  m_CorrespondingSourceObject: {fileID: 0}
  m_PrefabInstance: {fileID: 0}
  m_PrefabAsset: {fileID: 0}
  serializedVersion: 6
  m_Component:
  - component: {fileID: 3301903755814028594}
  - component: {fileID: 3301903755814028592}
  - component: {fileID: 3301903755814028593}
  m_Layer: 5
  m_Name: REFERENCE
  m_TagString: Untagged
  m_Icon: {fileID: 0}
  m_NavMeshLayer: 0
  m_StaticEditorFlags: 0
  m_IsActive: 0
--- !u!224 &3301903755814028594
RectTransform:
  m_ObjectHideFlags: 0
  m_CorrespondingSourceObject: {fileID: 0}
  m_PrefabInstance: {fileID: 0}
  m_PrefabAsset: {fileID: 0}
  m_GameObject: {fileID: 3301903755814028595}
  m_LocalRotation: {x: 0, y: 0, z: 0, w: 1}
  m_LocalPosition: {x: 0, y: 0, z: 0}
  m_LocalScale: {x: 1, y: 1, z: 1}
  m_Children: []
  m_Father: {fileID: 3301903755116789130}
  m_RootOrder: 1
  m_LocalEulerAnglesHint: {x: 0, y: 0, z: 0}
  m_AnchorMin: {x: 0, y: 0}
  m_AnchorMax: {x: 1, y: 1}
  m_AnchoredPosition: {x: 0, y: 0}
  m_SizeDelta: {x: 0, y: 0}
  m_Pivot: {x: 0.5, y: 0.5}
--- !u!222 &3301903755814028592
CanvasRenderer:
  m_ObjectHideFlags: 0
  m_CorrespondingSourceObject: {fileID: 0}
  m_PrefabInstance: {fileID: 0}
  m_PrefabAsset: {fileID: 0}
  m_GameObject: {fileID: 3301903755814028595}
  m_CullTransparentMesh: 0
--- !u!114 &3301903755814028593
MonoBehaviour:
  m_ObjectHideFlags: 0
  m_CorrespondingSourceObject: {fileID: 0}
  m_PrefabInstance: {fileID: 0}
  m_PrefabAsset: {fileID: 0}
  m_GameObject: {fileID: 3301903755814028595}
  m_Enabled: 1
  m_EditorHideFlags: 0
  m_Script: {fileID: 11500000, guid: fe87c0e1cc204ed48ad3b37840f39efc, type: 3}
  m_Name: 
  m_EditorClassIdentifier: 
  m_Material: {fileID: 0}
  m_Color: {r: 1, g: 1, b: 1, a: 0.70980394}
  m_RaycastTarget: 0
  m_RaycastPadding: {x: 0, y: 0, z: 0, w: 0}
  m_Maskable: 0
  m_OnCullStateChanged:
    m_PersistentCalls:
      m_Calls: []
  m_Sprite: {fileID: 21300000, guid: 2479dccc6f955624da9af7ee424228c8, type: 3}
  m_Type: 0
  m_PreserveAspect: 0
  m_FillCenter: 1
  m_FillMethod: 4
  m_FillAmount: 1
  m_FillClockwise: 1
  m_FillOrigin: 0
  m_UseSpriteMesh: 0
  m_PixelsPerUnitMultiplier: 1
--- !u!1 &3880418072909721429
GameObject:
  m_ObjectHideFlags: 0
  m_CorrespondingSourceObject: {fileID: 0}
  m_PrefabInstance: {fileID: 0}
  m_PrefabAsset: {fileID: 0}
  serializedVersion: 6
  m_Component:
  - component: {fileID: 3241240722937974124}
  m_Layer: 5
  m_Name: Logo
  m_TagString: Untagged
  m_Icon: {fileID: 0}
  m_NavMeshLayer: 0
  m_StaticEditorFlags: 0
  m_IsActive: 1
--- !u!224 &3241240722937974124
RectTransform:
  m_ObjectHideFlags: 0
  m_CorrespondingSourceObject: {fileID: 0}
  m_PrefabInstance: {fileID: 0}
  m_PrefabAsset: {fileID: 0}
  m_GameObject: {fileID: 3880418072909721429}
  m_LocalRotation: {x: -0, y: -0, z: -0, w: 1}
  m_LocalPosition: {x: 0, y: 0, z: 0}
  m_LocalScale: {x: 1, y: 1, z: 1}
  m_Children:
  - {fileID: 7145116560993276600}
  m_Father: {fileID: 3301903755116789130}
  m_RootOrder: 3
  m_LocalEulerAnglesHint: {x: 0, y: 0, z: 0}
  m_AnchorMin: {x: 0, y: 0}
  m_AnchorMax: {x: 1, y: 1}
  m_AnchoredPosition: {x: 0, y: 0}
  m_SizeDelta: {x: 0, y: 0}
  m_Pivot: {x: 0.5, y: 0.5}
--- !u!1 &5812015331095815740
GameObject:
  m_ObjectHideFlags: 0
  m_CorrespondingSourceObject: {fileID: 0}
  m_PrefabInstance: {fileID: 0}
  m_PrefabAsset: {fileID: 0}
  serializedVersion: 6
  m_Component:
  - component: {fileID: 8590951602167186775}
  - component: {fileID: 3669621275258907580}
  - component: {fileID: 4793468566291444345}
  m_Layer: 5
  m_Name: Background
  m_TagString: Untagged
  m_Icon: {fileID: 0}
  m_NavMeshLayer: 0
  m_StaticEditorFlags: 0
  m_IsActive: 1
--- !u!224 &8590951602167186775
RectTransform:
  m_ObjectHideFlags: 0
  m_CorrespondingSourceObject: {fileID: 0}
  m_PrefabInstance: {fileID: 0}
  m_PrefabAsset: {fileID: 0}
  m_GameObject: {fileID: 5812015331095815740}
  m_LocalRotation: {x: 0, y: 0, z: 0, w: 1}
  m_LocalPosition: {x: 0, y: 0, z: 0}
  m_LocalScale: {x: 1, y: 1, z: 1}
  m_Children: []
  m_Father: {fileID: 3301903755116789130}
  m_RootOrder: 0
  m_LocalEulerAnglesHint: {x: 0, y: 0, z: 0}
  m_AnchorMin: {x: 0, y: 0}
  m_AnchorMax: {x: 1, y: 1}
  m_AnchoredPosition: {x: 0, y: 0}
  m_SizeDelta: {x: 0, y: 0}
  m_Pivot: {x: 0.5, y: 0.5}
--- !u!222 &3669621275258907580
CanvasRenderer:
  m_ObjectHideFlags: 0
  m_CorrespondingSourceObject: {fileID: 0}
  m_PrefabInstance: {fileID: 0}
  m_PrefabAsset: {fileID: 0}
  m_GameObject: {fileID: 5812015331095815740}
  m_CullTransparentMesh: 0
--- !u!114 &4793468566291444345
MonoBehaviour:
  m_ObjectHideFlags: 0
  m_CorrespondingSourceObject: {fileID: 0}
  m_PrefabInstance: {fileID: 0}
  m_PrefabAsset: {fileID: 0}
  m_GameObject: {fileID: 5812015331095815740}
  m_Enabled: 1
  m_EditorHideFlags: 0
  m_Script: {fileID: 11500000, guid: 1344c3c82d62a2a41a3576d8abb8e3ea, type: 3}
  m_Name: 
  m_EditorClassIdentifier: 
  m_Material: {fileID: 0}
  m_Color: {r: 0.28235295, g: 0.56078434, b: 0.18039216, a: 1}
  m_RaycastTarget: 0
  m_RaycastPadding: {x: 0, y: 0, z: 0, w: 0}
  m_Maskable: 0
  m_OnCullStateChanged:
    m_PersistentCalls:
      m_Calls: []
  m_Texture: {fileID: 0}
  m_UVRect:
    serializedVersion: 2
    x: 0
    y: 0
    width: 1
    height: 1
--- !u!1 &6884693386286824854
GameObject:
  m_ObjectHideFlags: 0
  m_CorrespondingSourceObject: {fileID: 0}
  m_PrefabInstance: {fileID: 0}
  m_PrefabAsset: {fileID: 0}
  serializedVersion: 6
  m_Component:
  - component: {fileID: 7145116560993276600}
  m_Layer: 5
  m_Name: Title
  m_TagString: Untagged
  m_Icon: {fileID: 0}
  m_NavMeshLayer: 0
  m_StaticEditorFlags: 0
  m_IsActive: 1
--- !u!224 &7145116560993276600
RectTransform:
  m_ObjectHideFlags: 0
  m_CorrespondingSourceObject: {fileID: 0}
  m_PrefabInstance: {fileID: 0}
  m_PrefabAsset: {fileID: 0}
  m_GameObject: {fileID: 6884693386286824854}
  m_LocalRotation: {x: 0, y: 0, z: 0, w: 1}
  m_LocalPosition: {x: 0, y: 0, z: 0}
  m_LocalScale: {x: 1, y: 1, z: 1}
  m_Children:
  - {fileID: 5107398482349698576}
  - {fileID: 5455490650303933591}
  m_Father: {fileID: 3241240722937974124}
  m_RootOrder: 0
  m_LocalEulerAnglesHint: {x: 0, y: 0, z: 0}
  m_AnchorMin: {x: 0.5, y: 0.5}
  m_AnchorMax: {x: 0.5, y: 0.5}
  m_AnchoredPosition: {x: -1.7, y: 0}
  m_SizeDelta: {x: 256, y: 256}
  m_Pivot: {x: 0.5, y: 0.5}
--- !u!1 &7295464972490891565
GameObject:
  m_ObjectHideFlags: 0
  m_CorrespondingSourceObject: {fileID: 0}
  m_PrefabInstance: {fileID: 0}
  m_PrefabAsset: {fileID: 0}
  serializedVersion: 6
  m_Component:
  - component: {fileID: 5107398482349698576}
  - component: {fileID: 1939185212383318612}
  - component: {fileID: 7430296507881891731}
  m_Layer: 5
  m_Name: Goof
  m_TagString: Untagged
  m_Icon: {fileID: 0}
  m_NavMeshLayer: 0
  m_StaticEditorFlags: 0
  m_IsActive: 1
--- !u!224 &5107398482349698576
RectTransform:
  m_ObjectHideFlags: 0
  m_CorrespondingSourceObject: {fileID: 0}
  m_PrefabInstance: {fileID: 0}
  m_PrefabAsset: {fileID: 0}
  m_GameObject: {fileID: 7295464972490891565}
  m_LocalRotation: {x: -0, y: -0, z: -0, w: 1}
  m_LocalPosition: {x: 0, y: 0, z: 0}
  m_LocalScale: {x: 1, y: 1, z: 1}
  m_Children: []
  m_Father: {fileID: 7145116560993276600}
  m_RootOrder: 0
  m_LocalEulerAnglesHint: {x: 0, y: 0, z: 0}
  m_AnchorMin: {x: 0.5, y: 0.5}
  m_AnchorMax: {x: 0.5, y: 0.5}
  m_AnchoredPosition: {x: 0, y: -18.8}
  m_SizeDelta: {x: 152, y: 56}
  m_Pivot: {x: 0.5, y: 0.5}
--- !u!222 &1939185212383318612
CanvasRenderer:
  m_ObjectHideFlags: 0
  m_CorrespondingSourceObject: {fileID: 0}
  m_PrefabInstance: {fileID: 0}
  m_PrefabAsset: {fileID: 0}
  m_GameObject: {fileID: 7295464972490891565}
  m_CullTransparentMesh: 0
--- !u!114 &7430296507881891731
MonoBehaviour:
  m_ObjectHideFlags: 0
  m_CorrespondingSourceObject: {fileID: 0}
  m_PrefabInstance: {fileID: 0}
  m_PrefabAsset: {fileID: 0}
  m_GameObject: {fileID: 7295464972490891565}
  m_Enabled: 1
  m_EditorHideFlags: 0
  m_Script: {fileID: 11500000, guid: fe87c0e1cc204ed48ad3b37840f39efc, type: 3}
  m_Name: 
  m_EditorClassIdentifier: 
  m_Material: {fileID: 0}
  m_Color: {r: 1, g: 1, b: 1, a: 1}
  m_RaycastTarget: 0
  m_RaycastPadding: {x: 0, y: 0, z: 0, w: 0}
  m_Maskable: 0
  m_OnCullStateChanged:
    m_PersistentCalls:
      m_Calls: []
  m_Sprite: {fileID: -2464461341538140640, guid: 415621fc941e351458f9f5374afccc97, type: 3}
  m_Type: 0
  m_PreserveAspect: 0
  m_FillCenter: 1
  m_FillMethod: 4
  m_FillAmount: 1
  m_FillClockwise: 1
  m_FillOrigin: 0
  m_UseSpriteMesh: 0
  m_PixelsPerUnitMultiplier: 1
--- !u!1 &8512443894572118066
GameObject:
  m_ObjectHideFlags: 0
  m_CorrespondingSourceObject: {fileID: 0}
  m_PrefabInstance: {fileID: 0}
  m_PrefabAsset: {fileID: 0}
  serializedVersion: 6
  m_Component:
  - component: {fileID: 5455490650303933591}
  - component: {fileID: 7648824571533693050}
  - component: {fileID: 5333683830842630380}
  m_Layer: 5
  m_Name: Troop
  m_TagString: Untagged
  m_Icon: {fileID: 0}
  m_NavMeshLayer: 0
  m_StaticEditorFlags: 0
  m_IsActive: 1
--- !u!224 &5455490650303933591
RectTransform:
  m_ObjectHideFlags: 0
  m_CorrespondingSourceObject: {fileID: 0}
  m_PrefabInstance: {fileID: 0}
  m_PrefabAsset: {fileID: 0}
  m_GameObject: {fileID: 8512443894572118066}
  m_LocalRotation: {x: -0, y: -0, z: -0, w: 1}
  m_LocalPosition: {x: 0, y: 0, z: 0}
  m_LocalScale: {x: 1, y: 1, z: 1}
  m_Children: []
  m_Father: {fileID: 7145116560993276600}
  m_RootOrder: 1
  m_LocalEulerAnglesHint: {x: 0, y: 0, z: 0}
  m_AnchorMin: {x: 0.5, y: 0.5}
  m_AnchorMax: {x: 0.5, y: 0.5}
  m_AnchoredPosition: {x: -1.7, y: -55.2}
  m_SizeDelta: {x: 104, y: 32}
  m_Pivot: {x: 0.5, y: 0.5}
--- !u!222 &7648824571533693050
CanvasRenderer:
  m_ObjectHideFlags: 0
  m_CorrespondingSourceObject: {fileID: 0}
  m_PrefabInstance: {fileID: 0}
  m_PrefabAsset: {fileID: 0}
  m_GameObject: {fileID: 8512443894572118066}
  m_CullTransparentMesh: 0
--- !u!114 &5333683830842630380
MonoBehaviour:
  m_ObjectHideFlags: 0
  m_CorrespondingSourceObject: {fileID: 0}
  m_PrefabInstance: {fileID: 0}
  m_PrefabAsset: {fileID: 0}
  m_GameObject: {fileID: 8512443894572118066}
  m_Enabled: 1
  m_EditorHideFlags: 0
  m_Script: {fileID: 11500000, guid: fe87c0e1cc204ed48ad3b37840f39efc, type: 3}
  m_Name: 
  m_EditorClassIdentifier: 
  m_Material: {fileID: 0}
  m_Color: {r: 1, g: 1, b: 1, a: 1}
  m_RaycastTarget: 0
  m_RaycastPadding: {x: 0, y: 0, z: 0, w: 0}
  m_Maskable: 0
  m_OnCullStateChanged:
    m_PersistentCalls:
      m_Calls: []
  m_Sprite: {fileID: 3660117216075920281, guid: 415621fc941e351458f9f5374afccc97, type: 3}
  m_Type: 0
  m_PreserveAspect: 0
  m_FillCenter: 1
  m_FillMethod: 4
  m_FillAmount: 1
  m_FillClockwise: 1
  m_FillOrigin: 0
  m_UseSpriteMesh: 0
  m_PixelsPerUnitMultiplier: 1
--- !u!1001 &2333814101228802103
PrefabInstance:
  m_ObjectHideFlags: 0
  serializedVersion: 2
  m_Modification:
    m_TransformParent: {fileID: 3301903755373626138}
    m_Modifications:
    - target: {fileID: 3552580406517235064, guid: f3ef6e0550f923d4ab42051c74b3c2a5, type: 3}
      propertyPath: m_OnClick.m_PersistentCalls.m_Calls.Array.size
      value: 1
      objectReference: {fileID: 0}
    - target: {fileID: 3552580406517235064, guid: f3ef6e0550f923d4ab42051c74b3c2a5, type: 3}
      propertyPath: m_OnClick.m_PersistentCalls.m_Calls.Array.data[0].m_Mode
      value: 1
      objectReference: {fileID: 0}
    - target: {fileID: 3552580406517235064, guid: f3ef6e0550f923d4ab42051c74b3c2a5, type: 3}
      propertyPath: m_OnClick.m_PersistentCalls.m_Calls.Array.data[0].m_Target
      value: 
      objectReference: {fileID: 3368830929926275531}
    - target: {fileID: 3552580406517235064, guid: f3ef6e0550f923d4ab42051c74b3c2a5, type: 3}
      propertyPath: m_OnClick.m_PersistentCalls.m_Calls.Array.data[0].m_CallState
      value: 2
      objectReference: {fileID: 0}
    - target: {fileID: 3552580406517235064, guid: f3ef6e0550f923d4ab42051c74b3c2a5, type: 3}
      propertyPath: m_OnClick.m_PersistentCalls.m_Calls.Array.data[0].m_MethodName
      value: Open
      objectReference: {fileID: 0}
    - target: {fileID: 3552580406517235064, guid: f3ef6e0550f923d4ab42051c74b3c2a5, type: 3}
      propertyPath: m_OnClick.m_PersistentCalls.m_Calls.Array.data[0].m_TargetAssemblyTypeName
      value: ActionCode.UI.Popup, ActionCode.UI.Runtime
      objectReference: {fileID: 0}
    - target: {fileID: 3552580406517235064, guid: f3ef6e0550f923d4ab42051c74b3c2a5, type: 3}
      propertyPath: m_OnClick.m_PersistentCalls.m_Calls.Array.data[0].m_Arguments.m_ObjectArgumentAssemblyTypeName
      value: UnityEngine.Object, UnityEngine
      objectReference: {fileID: 0}
    - target: {fileID: 6582444389858310336, guid: f3ef6e0550f923d4ab42051c74b3c2a5, type: 3}
      propertyPath: m_Name
      value: AboutButton
      objectReference: {fileID: 0}
    - target: {fileID: 6582444389858310337, guid: f3ef6e0550f923d4ab42051c74b3c2a5, type: 3}
      propertyPath: m_Pivot.x
      value: 0.5
      objectReference: {fileID: 0}
    - target: {fileID: 6582444389858310337, guid: f3ef6e0550f923d4ab42051c74b3c2a5, type: 3}
      propertyPath: m_Pivot.y
      value: 0.5
      objectReference: {fileID: 0}
    - target: {fileID: 6582444389858310337, guid: f3ef6e0550f923d4ab42051c74b3c2a5, type: 3}
      propertyPath: m_RootOrder
      value: 0
      objectReference: {fileID: 0}
    - target: {fileID: 6582444389858310337, guid: f3ef6e0550f923d4ab42051c74b3c2a5, type: 3}
      propertyPath: m_AnchorMax.x
      value: 0
      objectReference: {fileID: 0}
    - target: {fileID: 6582444389858310337, guid: f3ef6e0550f923d4ab42051c74b3c2a5, type: 3}
      propertyPath: m_AnchorMax.y
      value: 0
      objectReference: {fileID: 0}
    - target: {fileID: 6582444389858310337, guid: f3ef6e0550f923d4ab42051c74b3c2a5, type: 3}
      propertyPath: m_AnchorMin.x
      value: 0
      objectReference: {fileID: 0}
    - target: {fileID: 6582444389858310337, guid: f3ef6e0550f923d4ab42051c74b3c2a5, type: 3}
      propertyPath: m_AnchorMin.y
      value: 0
      objectReference: {fileID: 0}
    - target: {fileID: 6582444389858310337, guid: f3ef6e0550f923d4ab42051c74b3c2a5, type: 3}
      propertyPath: m_SizeDelta.x
      value: 78.8
      objectReference: {fileID: 0}
    - target: {fileID: 6582444389858310337, guid: f3ef6e0550f923d4ab42051c74b3c2a5, type: 3}
      propertyPath: m_SizeDelta.y
      value: 18
      objectReference: {fileID: 0}
    - target: {fileID: 6582444389858310337, guid: f3ef6e0550f923d4ab42051c74b3c2a5, type: 3}
      propertyPath: m_LocalPosition.x
      value: 0
      objectReference: {fileID: 0}
    - target: {fileID: 6582444389858310337, guid: f3ef6e0550f923d4ab42051c74b3c2a5, type: 3}
      propertyPath: m_LocalPosition.y
      value: 0
      objectReference: {fileID: 0}
    - target: {fileID: 6582444389858310337, guid: f3ef6e0550f923d4ab42051c74b3c2a5, type: 3}
      propertyPath: m_LocalPosition.z
      value: 0
      objectReference: {fileID: 0}
    - target: {fileID: 6582444389858310337, guid: f3ef6e0550f923d4ab42051c74b3c2a5, type: 3}
      propertyPath: m_LocalRotation.w
      value: 1
      objectReference: {fileID: 0}
    - target: {fileID: 6582444389858310337, guid: f3ef6e0550f923d4ab42051c74b3c2a5, type: 3}
      propertyPath: m_LocalRotation.x
      value: 0
      objectReference: {fileID: 0}
    - target: {fileID: 6582444389858310337, guid: f3ef6e0550f923d4ab42051c74b3c2a5, type: 3}
      propertyPath: m_LocalRotation.y
      value: 0
      objectReference: {fileID: 0}
    - target: {fileID: 6582444389858310337, guid: f3ef6e0550f923d4ab42051c74b3c2a5, type: 3}
      propertyPath: m_LocalRotation.z
      value: 0
      objectReference: {fileID: 0}
    - target: {fileID: 6582444389858310337, guid: f3ef6e0550f923d4ab42051c74b3c2a5, type: 3}
      propertyPath: m_AnchoredPosition.x
      value: 0
      objectReference: {fileID: 0}
    - target: {fileID: 6582444389858310337, guid: f3ef6e0550f923d4ab42051c74b3c2a5, type: 3}
      propertyPath: m_AnchoredPosition.y
      value: 0
      objectReference: {fileID: 0}
    - target: {fileID: 6582444389858310337, guid: f3ef6e0550f923d4ab42051c74b3c2a5, type: 3}
      propertyPath: m_LocalEulerAnglesHint.x
      value: 0
      objectReference: {fileID: 0}
    - target: {fileID: 6582444389858310337, guid: f3ef6e0550f923d4ab42051c74b3c2a5, type: 3}
      propertyPath: m_LocalEulerAnglesHint.y
      value: 0
      objectReference: {fileID: 0}
    - target: {fileID: 6582444389858310337, guid: f3ef6e0550f923d4ab42051c74b3c2a5, type: 3}
      propertyPath: m_LocalEulerAnglesHint.z
      value: 0
      objectReference: {fileID: 0}
    - target: {fileID: 6582444389858310338, guid: f3ef6e0550f923d4ab42051c74b3c2a5, type: 3}
      propertyPath: m_Enabled
      value: 1
      objectReference: {fileID: 0}
    - target: {fileID: 6582444389858310338, guid: f3ef6e0550f923d4ab42051c74b3c2a5, type: 3}
      propertyPath: m_OnClick.m_PersistentCalls.m_Calls.Array.size
      value: 1
      objectReference: {fileID: 0}
    - target: {fileID: 6582444389858310338, guid: f3ef6e0550f923d4ab42051c74b3c2a5, type: 3}
      propertyPath: m_OnClick.m_PersistentCalls.m_Calls.Array.data[0].m_Mode
      value: 4
      objectReference: {fileID: 0}
    - target: {fileID: 6582444389858310338, guid: f3ef6e0550f923d4ab42051c74b3c2a5, type: 3}
      propertyPath: m_OnClick.m_PersistentCalls.m_Calls.Array.data[0].m_Target
      value: 
      objectReference: {fileID: 3368830929926275531}
    - target: {fileID: 6582444389858310338, guid: f3ef6e0550f923d4ab42051c74b3c2a5, type: 3}
      propertyPath: m_OnClick.m_PersistentCalls.m_Calls.Array.data[0].m_CallState
      value: 2
      objectReference: {fileID: 0}
    - target: {fileID: 6582444389858310338, guid: f3ef6e0550f923d4ab42051c74b3c2a5, type: 3}
      propertyPath: m_OnClick.m_PersistentCalls.m_Calls.Array.data[0].m_MethodName
      value: Open
      objectReference: {fileID: 0}
    - target: {fileID: 6582444389858310338, guid: f3ef6e0550f923d4ab42051c74b3c2a5, type: 3}
      propertyPath: m_OnClick.m_PersistentCalls.m_Calls.Array.data[0].m_TargetAssemblyTypeName
      value: GoofTroop.Menu.Popup, Assembly-CSharp
      objectReference: {fileID: 0}
    - target: {fileID: 6582444389858310338, guid: f3ef6e0550f923d4ab42051c74b3c2a5, type: 3}
      propertyPath: m_OnClick.m_PersistentCalls.m_Calls.Array.data[0].m_Arguments.m_FloatArgument
      value: 0.5
      objectReference: {fileID: 0}
    - target: {fileID: 6582444389858310338, guid: f3ef6e0550f923d4ab42051c74b3c2a5, type: 3}
      propertyPath: m_OnClick.m_PersistentCalls.m_Calls.Array.data[0].m_Arguments.m_ObjectArgumentAssemblyTypeName
      value: UnityEngine.Object, UnityEngine
      objectReference: {fileID: 0}
    - target: {fileID: 6582444389858310339, guid: f3ef6e0550f923d4ab42051c74b3c2a5, type: 3}
      propertyPath: m_RaycastPadding.x
      value: 0
      objectReference: {fileID: 0}
    - target: {fileID: 6582444390290437411, guid: f3ef6e0550f923d4ab42051c74b3c2a5, type: 3}
      propertyPath: m_Text
      value: ABOUT
      objectReference: {fileID: 0}
    m_RemovedComponents: []
  m_SourcePrefab: {fileID: 100100000, guid: f3ef6e0550f923d4ab42051c74b3c2a5, type: 3}
--- !u!224 &8879644649896945910 stripped
RectTransform:
  m_CorrespondingSourceObject: {fileID: 6582444389858310337, guid: f3ef6e0550f923d4ab42051c74b3c2a5, type: 3}
  m_PrefabInstance: {fileID: 2333814101228802103}
  m_PrefabAsset: {fileID: 0}
--- !u!114 &1237947296959868239 stripped
MonoBehaviour:
  m_CorrespondingSourceObject: {fileID: 3552580406517235064, guid: f3ef6e0550f923d4ab42051c74b3c2a5, type: 3}
  m_PrefabInstance: {fileID: 2333814101228802103}
  m_PrefabAsset: {fileID: 0}
  m_GameObject: {fileID: 0}
  m_Enabled: 1
  m_EditorHideFlags: 0
  m_Script: {fileID: 11500000, guid: c0c63697dcaed67428e8158d9b7ad197, type: 3}
  m_Name: 
  m_EditorClassIdentifier: 
--- !u!1001 &6805027926655675213
PrefabInstance:
  m_ObjectHideFlags: 0
  serializedVersion: 2
  m_Modification:
    m_TransformParent: {fileID: 3301903755116789130}
    m_Modifications:
    - target: {fileID: 2918555146523204097, guid: 0a01bcf281d79dd45a1398c0f18f9303, type: 3}
      propertyPath: m_Name
      value: AboutPopup
      objectReference: {fileID: 0}
    - target: {fileID: 2918555146523204097, guid: 0a01bcf281d79dd45a1398c0f18f9303, type: 3}
      propertyPath: m_IsActive
      value: 1
      objectReference: {fileID: 0}
    - target: {fileID: 3545405724512132473, guid: 0a01bcf281d79dd45a1398c0f18f9303, type: 3}
      propertyPath: m_Pivot.x
      value: 0.5
      objectReference: {fileID: 0}
    - target: {fileID: 3545405724512132473, guid: 0a01bcf281d79dd45a1398c0f18f9303, type: 3}
      propertyPath: m_Pivot.y
      value: 0.5
      objectReference: {fileID: 0}
    - target: {fileID: 3545405724512132473, guid: 0a01bcf281d79dd45a1398c0f18f9303, type: 3}
      propertyPath: m_RootOrder
      value: 5
      objectReference: {fileID: 0}
    - target: {fileID: 3545405724512132473, guid: 0a01bcf281d79dd45a1398c0f18f9303, type: 3}
      propertyPath: m_AnchorMax.x
      value: 1
      objectReference: {fileID: 0}
    - target: {fileID: 3545405724512132473, guid: 0a01bcf281d79dd45a1398c0f18f9303, type: 3}
      propertyPath: m_AnchorMax.y
      value: 1
      objectReference: {fileID: 0}
    - target: {fileID: 3545405724512132473, guid: 0a01bcf281d79dd45a1398c0f18f9303, type: 3}
      propertyPath: m_AnchorMin.x
      value: 0
      objectReference: {fileID: 0}
    - target: {fileID: 3545405724512132473, guid: 0a01bcf281d79dd45a1398c0f18f9303, type: 3}
      propertyPath: m_AnchorMin.y
      value: 0
      objectReference: {fileID: 0}
    - target: {fileID: 3545405724512132473, guid: 0a01bcf281d79dd45a1398c0f18f9303, type: 3}
      propertyPath: m_SizeDelta.y
      value: -80
      objectReference: {fileID: 0}
    - target: {fileID: 3545405724512132473, guid: 0a01bcf281d79dd45a1398c0f18f9303, type: 3}
      propertyPath: m_LocalPosition.x
      value: 0
      objectReference: {fileID: 0}
    - target: {fileID: 3545405724512132473, guid: 0a01bcf281d79dd45a1398c0f18f9303, type: 3}
      propertyPath: m_LocalPosition.y
      value: 0
      objectReference: {fileID: 0}
    - target: {fileID: 3545405724512132473, guid: 0a01bcf281d79dd45a1398c0f18f9303, type: 3}
      propertyPath: m_LocalPosition.z
      value: 0
      objectReference: {fileID: 0}
    - target: {fileID: 3545405724512132473, guid: 0a01bcf281d79dd45a1398c0f18f9303, type: 3}
      propertyPath: m_LocalRotation.w
      value: 1
      objectReference: {fileID: 0}
    - target: {fileID: 3545405724512132473, guid: 0a01bcf281d79dd45a1398c0f18f9303, type: 3}
      propertyPath: m_LocalRotation.x
      value: 0
      objectReference: {fileID: 0}
    - target: {fileID: 3545405724512132473, guid: 0a01bcf281d79dd45a1398c0f18f9303, type: 3}
      propertyPath: m_LocalRotation.y
      value: 0
      objectReference: {fileID: 0}
    - target: {fileID: 3545405724512132473, guid: 0a01bcf281d79dd45a1398c0f18f9303, type: 3}
      propertyPath: m_LocalRotation.z
      value: 0
      objectReference: {fileID: 0}
    - target: {fileID: 3545405724512132473, guid: 0a01bcf281d79dd45a1398c0f18f9303, type: 3}
      propertyPath: m_AnchoredPosition.y
      value: 0
      objectReference: {fileID: 0}
    - target: {fileID: 3545405724512132473, guid: 0a01bcf281d79dd45a1398c0f18f9303, type: 3}
      propertyPath: m_LocalEulerAnglesHint.x
      value: 0
      objectReference: {fileID: 0}
    - target: {fileID: 3545405724512132473, guid: 0a01bcf281d79dd45a1398c0f18f9303, type: 3}
      propertyPath: m_LocalEulerAnglesHint.y
      value: 0
      objectReference: {fileID: 0}
    - target: {fileID: 3545405724512132473, guid: 0a01bcf281d79dd45a1398c0f18f9303, type: 3}
      propertyPath: m_LocalEulerAnglesHint.z
      value: 0
      objectReference: {fileID: 0}
    - target: {fileID: 4889035041971974830, guid: 0a01bcf281d79dd45a1398c0f18f9303, type: 3}
      propertyPath: m_Enabled
      value: 0
      objectReference: {fileID: 0}
    - target: {fileID: 8120039855153900166, guid: 0a01bcf281d79dd45a1398c0f18f9303, type: 3}
      propertyPath: interactionGroups.Array.size
      value: 1
      objectReference: {fileID: 0}
    - target: {fileID: 8120039855153900166, guid: 0a01bcf281d79dd45a1398c0f18f9303, type: 3}
      propertyPath: interactionGroups.Array.data[0]
      value: 
      objectReference: {fileID: 8395519419442458065}
    m_RemovedComponents: []
  m_SourcePrefab: {fileID: 100100000, guid: 0a01bcf281d79dd45a1398c0f18f9303, type: 3}
--- !u!224 &8017427000153224756 stripped
RectTransform:
  m_CorrespondingSourceObject: {fileID: 3545405724512132473, guid: 0a01bcf281d79dd45a1398c0f18f9303, type: 3}
  m_PrefabInstance: {fileID: 6805027926655675213}
  m_PrefabAsset: {fileID: 0}
--- !u!114 &3368830929926275531 stripped
MonoBehaviour:
  m_CorrespondingSourceObject: {fileID: 8120039855153900166, guid: 0a01bcf281d79dd45a1398c0f18f9303, type: 3}
  m_PrefabInstance: {fileID: 6805027926655675213}
  m_PrefabAsset: {fileID: 0}
  m_GameObject: {fileID: 0}
  m_Enabled: 1
  m_EditorHideFlags: 0
  m_Script: {fileID: 11500000, guid: 02b9436e4ee18b7499f234cf4f978449, type: 3}
  m_Name: 
  m_EditorClassIdentifier: 
--- !u!1001 &8018824585547841476
PrefabInstance:
  m_ObjectHideFlags: 0
  serializedVersion: 2
  m_Modification:
    m_TransformParent: {fileID: 3301903755373626138}
    m_Modifications:
    - target: {fileID: 6582444389858310336, guid: f3ef6e0550f923d4ab42051c74b3c2a5, type: 3}
      propertyPath: m_Name
      value: OptionsButton
      objectReference: {fileID: 0}
    - target: {fileID: 6582444389858310337, guid: f3ef6e0550f923d4ab42051c74b3c2a5, type: 3}
      propertyPath: m_Pivot.x
      value: 0.5
      objectReference: {fileID: 0}
    - target: {fileID: 6582444389858310337, guid: f3ef6e0550f923d4ab42051c74b3c2a5, type: 3}
      propertyPath: m_Pivot.y
      value: 0.5
      objectReference: {fileID: 0}
    - target: {fileID: 6582444389858310337, guid: f3ef6e0550f923d4ab42051c74b3c2a5, type: 3}
      propertyPath: m_RootOrder
      value: 2
      objectReference: {fileID: 0}
    - target: {fileID: 6582444389858310337, guid: f3ef6e0550f923d4ab42051c74b3c2a5, type: 3}
      propertyPath: m_AnchorMax.x
      value: 0
      objectReference: {fileID: 0}
    - target: {fileID: 6582444389858310337, guid: f3ef6e0550f923d4ab42051c74b3c2a5, type: 3}
      propertyPath: m_AnchorMax.y
      value: 0
      objectReference: {fileID: 0}
    - target: {fileID: 6582444389858310337, guid: f3ef6e0550f923d4ab42051c74b3c2a5, type: 3}
      propertyPath: m_AnchorMin.x
      value: 0
      objectReference: {fileID: 0}
    - target: {fileID: 6582444389858310337, guid: f3ef6e0550f923d4ab42051c74b3c2a5, type: 3}
      propertyPath: m_AnchorMin.y
      value: 0
      objectReference: {fileID: 0}
    - target: {fileID: 6582444389858310337, guid: f3ef6e0550f923d4ab42051c74b3c2a5, type: 3}
      propertyPath: m_SizeDelta.x
      value: 78.8
      objectReference: {fileID: 0}
    - target: {fileID: 6582444389858310337, guid: f3ef6e0550f923d4ab42051c74b3c2a5, type: 3}
      propertyPath: m_SizeDelta.y
      value: 18
      objectReference: {fileID: 0}
    - target: {fileID: 6582444389858310337, guid: f3ef6e0550f923d4ab42051c74b3c2a5, type: 3}
      propertyPath: m_LocalPosition.x
      value: 0
      objectReference: {fileID: 0}
    - target: {fileID: 6582444389858310337, guid: f3ef6e0550f923d4ab42051c74b3c2a5, type: 3}
      propertyPath: m_LocalPosition.y
      value: 0
      objectReference: {fileID: 0}
    - target: {fileID: 6582444389858310337, guid: f3ef6e0550f923d4ab42051c74b3c2a5, type: 3}
      propertyPath: m_LocalPosition.z
      value: 0
      objectReference: {fileID: 0}
    - target: {fileID: 6582444389858310337, guid: f3ef6e0550f923d4ab42051c74b3c2a5, type: 3}
      propertyPath: m_LocalRotation.w
      value: 1
      objectReference: {fileID: 0}
    - target: {fileID: 6582444389858310337, guid: f3ef6e0550f923d4ab42051c74b3c2a5, type: 3}
      propertyPath: m_LocalRotation.x
      value: 0
      objectReference: {fileID: 0}
    - target: {fileID: 6582444389858310337, guid: f3ef6e0550f923d4ab42051c74b3c2a5, type: 3}
      propertyPath: m_LocalRotation.y
      value: 0
      objectReference: {fileID: 0}
    - target: {fileID: 6582444389858310337, guid: f3ef6e0550f923d4ab42051c74b3c2a5, type: 3}
      propertyPath: m_LocalRotation.z
      value: 0
      objectReference: {fileID: 0}
    - target: {fileID: 6582444389858310337, guid: f3ef6e0550f923d4ab42051c74b3c2a5, type: 3}
      propertyPath: m_AnchoredPosition.x
      value: 0
      objectReference: {fileID: 0}
    - target: {fileID: 6582444389858310337, guid: f3ef6e0550f923d4ab42051c74b3c2a5, type: 3}
      propertyPath: m_AnchoredPosition.y
      value: 0
      objectReference: {fileID: 0}
    - target: {fileID: 6582444389858310337, guid: f3ef6e0550f923d4ab42051c74b3c2a5, type: 3}
      propertyPath: m_LocalEulerAnglesHint.x
      value: 0
      objectReference: {fileID: 0}
    - target: {fileID: 6582444389858310337, guid: f3ef6e0550f923d4ab42051c74b3c2a5, type: 3}
      propertyPath: m_LocalEulerAnglesHint.y
      value: 0
      objectReference: {fileID: 0}
    - target: {fileID: 6582444389858310337, guid: f3ef6e0550f923d4ab42051c74b3c2a5, type: 3}
      propertyPath: m_LocalEulerAnglesHint.z
      value: 0
      objectReference: {fileID: 0}
    - target: {fileID: 6582444389858310338, guid: f3ef6e0550f923d4ab42051c74b3c2a5, type: 3}
      propertyPath: m_Enabled
      value: 1
      objectReference: {fileID: 0}
    - target: {fileID: 6582444390290437411, guid: f3ef6e0550f923d4ab42051c74b3c2a5, type: 3}
      propertyPath: m_Text
      value: OPTIONS
      objectReference: {fileID: 0}
    m_RemovedComponents: []
  m_SourcePrefab: {fileID: 100100000, guid: f3ef6e0550f923d4ab42051c74b3c2a5, type: 3}
--- !u!224 &3751810980732667653 stripped
RectTransform:
  m_CorrespondingSourceObject: {fileID: 6582444389858310337, guid: f3ef6e0550f923d4ab42051c74b3c2a5, type: 3}
  m_PrefabInstance: {fileID: 8018824585547841476}
  m_PrefabAsset: {fileID: 0}
--- !u!114 &6775062519532192444 stripped
MonoBehaviour:
  m_CorrespondingSourceObject: {fileID: 3552580406517235064, guid: f3ef6e0550f923d4ab42051c74b3c2a5, type: 3}
  m_PrefabInstance: {fileID: 8018824585547841476}
  m_PrefabAsset: {fileID: 0}
  m_GameObject: {fileID: 0}
  m_Enabled: 1
  m_EditorHideFlags: 0
  m_Script: {fileID: 11500000, guid: c0c63697dcaed67428e8158d9b7ad197, type: 3}
  m_Name: 
  m_EditorClassIdentifier: 
--- !u!1001 &8541988963931564523
PrefabInstance:
  m_ObjectHideFlags: 0
  serializedVersion: 2
  m_Modification:
    m_TransformParent: {fileID: 3301903755373626138}
    m_Modifications:
    - target: {fileID: 3552580406517235064, guid: f3ef6e0550f923d4ab42051c74b3c2a5, type: 3}
      propertyPath: m_OnClick.m_PersistentCalls.m_Calls.Array.size
      value: 1
      objectReference: {fileID: 0}
    - target: {fileID: 3552580406517235064, guid: f3ef6e0550f923d4ab42051c74b3c2a5, type: 3}
      propertyPath: m_OnClick.m_PersistentCalls.m_Calls.Array.data[0].m_Mode
      value: 1
      objectReference: {fileID: 0}
    - target: {fileID: 3552580406517235064, guid: f3ef6e0550f923d4ab42051c74b3c2a5, type: 3}
      propertyPath: m_OnClick.m_PersistentCalls.m_Calls.Array.data[0].m_Target
      value: 
      objectReference: {fileID: 2503460985555194325}
    - target: {fileID: 3552580406517235064, guid: f3ef6e0550f923d4ab42051c74b3c2a5, type: 3}
      propertyPath: m_OnClick.m_PersistentCalls.m_Calls.Array.data[0].m_CallState
      value: 2
      objectReference: {fileID: 0}
    - target: {fileID: 3552580406517235064, guid: f3ef6e0550f923d4ab42051c74b3c2a5, type: 3}
      propertyPath: m_OnClick.m_PersistentCalls.m_Calls.Array.data[0].m_MethodName
      value: GoToGame
      objectReference: {fileID: 0}
    - target: {fileID: 3552580406517235064, guid: f3ef6e0550f923d4ab42051c74b3c2a5, type: 3}
      propertyPath: m_OnClick.m_PersistentCalls.m_Calls.Array.data[0].m_TargetAssemblyTypeName
      value: GoofTroop.UI.MainMenuController, Assembly-CSharp
      objectReference: {fileID: 0}
    - target: {fileID: 3552580406517235064, guid: f3ef6e0550f923d4ab42051c74b3c2a5, type: 3}
      propertyPath: m_OnClick.m_PersistentCalls.m_Calls.Array.data[0].m_Arguments.m_ObjectArgumentAssemblyTypeName
      value: UnityEngine.Object, UnityEngine
      objectReference: {fileID: 0}
    - target: {fileID: 6582444389858310336, guid: f3ef6e0550f923d4ab42051c74b3c2a5, type: 3}
      propertyPath: m_Name
      value: GameButton
      objectReference: {fileID: 0}
    - target: {fileID: 6582444389858310337, guid: f3ef6e0550f923d4ab42051c74b3c2a5, type: 3}
      propertyPath: m_Pivot.x
      value: 0.5
      objectReference: {fileID: 0}
    - target: {fileID: 6582444389858310337, guid: f3ef6e0550f923d4ab42051c74b3c2a5, type: 3}
      propertyPath: m_Pivot.y
      value: 0.5
      objectReference: {fileID: 0}
    - target: {fileID: 6582444389858310337, guid: f3ef6e0550f923d4ab42051c74b3c2a5, type: 3}
      propertyPath: m_RootOrder
      value: 1
      objectReference: {fileID: 0}
    - target: {fileID: 6582444389858310337, guid: f3ef6e0550f923d4ab42051c74b3c2a5, type: 3}
      propertyPath: m_AnchorMax.x
      value: 0
      objectReference: {fileID: 0}
    - target: {fileID: 6582444389858310337, guid: f3ef6e0550f923d4ab42051c74b3c2a5, type: 3}
      propertyPath: m_AnchorMax.y
      value: 0
      objectReference: {fileID: 0}
    - target: {fileID: 6582444389858310337, guid: f3ef6e0550f923d4ab42051c74b3c2a5, type: 3}
      propertyPath: m_AnchorMin.x
      value: 0
      objectReference: {fileID: 0}
    - target: {fileID: 6582444389858310337, guid: f3ef6e0550f923d4ab42051c74b3c2a5, type: 3}
      propertyPath: m_AnchorMin.y
      value: 0
      objectReference: {fileID: 0}
    - target: {fileID: 6582444389858310337, guid: f3ef6e0550f923d4ab42051c74b3c2a5, type: 3}
      propertyPath: m_SizeDelta.x
      value: 78.8
      objectReference: {fileID: 0}
    - target: {fileID: 6582444389858310337, guid: f3ef6e0550f923d4ab42051c74b3c2a5, type: 3}
      propertyPath: m_SizeDelta.y
      value: 18
      objectReference: {fileID: 0}
    - target: {fileID: 6582444389858310337, guid: f3ef6e0550f923d4ab42051c74b3c2a5, type: 3}
      propertyPath: m_LocalPosition.x
      value: 0
      objectReference: {fileID: 0}
    - target: {fileID: 6582444389858310337, guid: f3ef6e0550f923d4ab42051c74b3c2a5, type: 3}
      propertyPath: m_LocalPosition.y
      value: 0
      objectReference: {fileID: 0}
    - target: {fileID: 6582444389858310337, guid: f3ef6e0550f923d4ab42051c74b3c2a5, type: 3}
      propertyPath: m_LocalPosition.z
      value: 0
      objectReference: {fileID: 0}
    - target: {fileID: 6582444389858310337, guid: f3ef6e0550f923d4ab42051c74b3c2a5, type: 3}
      propertyPath: m_LocalRotation.w
      value: 1
      objectReference: {fileID: 0}
    - target: {fileID: 6582444389858310337, guid: f3ef6e0550f923d4ab42051c74b3c2a5, type: 3}
      propertyPath: m_LocalRotation.x
      value: 0
      objectReference: {fileID: 0}
    - target: {fileID: 6582444389858310337, guid: f3ef6e0550f923d4ab42051c74b3c2a5, type: 3}
      propertyPath: m_LocalRotation.y
      value: 0
      objectReference: {fileID: 0}
    - target: {fileID: 6582444389858310337, guid: f3ef6e0550f923d4ab42051c74b3c2a5, type: 3}
      propertyPath: m_LocalRotation.z
      value: 0
      objectReference: {fileID: 0}
    - target: {fileID: 6582444389858310337, guid: f3ef6e0550f923d4ab42051c74b3c2a5, type: 3}
      propertyPath: m_AnchoredPosition.x
      value: 0
      objectReference: {fileID: 0}
    - target: {fileID: 6582444389858310337, guid: f3ef6e0550f923d4ab42051c74b3c2a5, type: 3}
      propertyPath: m_AnchoredPosition.y
      value: 0
      objectReference: {fileID: 0}
    - target: {fileID: 6582444389858310337, guid: f3ef6e0550f923d4ab42051c74b3c2a5, type: 3}
      propertyPath: m_LocalEulerAnglesHint.x
      value: 0
      objectReference: {fileID: 0}
    - target: {fileID: 6582444389858310337, guid: f3ef6e0550f923d4ab42051c74b3c2a5, type: 3}
      propertyPath: m_LocalEulerAnglesHint.y
      value: 0
      objectReference: {fileID: 0}
    - target: {fileID: 6582444389858310337, guid: f3ef6e0550f923d4ab42051c74b3c2a5, type: 3}
      propertyPath: m_LocalEulerAnglesHint.z
      value: 0
      objectReference: {fileID: 0}
    - target: {fileID: 6582444389858310338, guid: f3ef6e0550f923d4ab42051c74b3c2a5, type: 3}
      propertyPath: m_Enabled
      value: 1
      objectReference: {fileID: 0}
    - target: {fileID: 6582444389858310338, guid: f3ef6e0550f923d4ab42051c74b3c2a5, type: 3}
      propertyPath: m_Navigation.m_Mode
      value: 3
      objectReference: {fileID: 0}
    - target: {fileID: 6582444389858310338, guid: f3ef6e0550f923d4ab42051c74b3c2a5, type: 3}
      propertyPath: m_OnClick.m_PersistentCalls.m_Calls.Array.size
      value: 1
      objectReference: {fileID: 0}
    - target: {fileID: 6582444389858310338, guid: f3ef6e0550f923d4ab42051c74b3c2a5, type: 3}
      propertyPath: m_OnClick.m_PersistentCalls.m_Calls.Array.data[0].m_Mode
      value: 1
      objectReference: {fileID: 0}
    - target: {fileID: 6582444389858310338, guid: f3ef6e0550f923d4ab42051c74b3c2a5, type: 3}
      propertyPath: m_OnClick.m_PersistentCalls.m_Calls.Array.data[1].m_Mode
      value: 4
      objectReference: {fileID: 0}
    - target: {fileID: 6582444389858310338, guid: f3ef6e0550f923d4ab42051c74b3c2a5, type: 3}
      propertyPath: m_OnClick.m_PersistentCalls.m_Calls.Array.data[0].m_Target
      value: 
      objectReference: {fileID: 2503460985555194325}
    - target: {fileID: 6582444389858310338, guid: f3ef6e0550f923d4ab42051c74b3c2a5, type: 3}
      propertyPath: m_OnClick.m_PersistentCalls.m_Calls.Array.data[1].m_Target
      value: 
      objectReference: {fileID: 6408070918934219902}
    - target: {fileID: 6582444389858310338, guid: f3ef6e0550f923d4ab42051c74b3c2a5, type: 3}
      propertyPath: m_OnClick.m_PersistentCalls.m_Calls.Array.data[0].m_CallState
      value: 2
      objectReference: {fileID: 0}
    - target: {fileID: 6582444389858310338, guid: f3ef6e0550f923d4ab42051c74b3c2a5, type: 3}
      propertyPath: m_OnClick.m_PersistentCalls.m_Calls.Array.data[1].m_CallState
      value: 2
      objectReference: {fileID: 0}
    - target: {fileID: 6582444389858310338, guid: f3ef6e0550f923d4ab42051c74b3c2a5, type: 3}
      propertyPath: m_OnClick.m_PersistentCalls.m_Calls.Array.data[0].m_MethodName
      value: GoToGame
      objectReference: {fileID: 0}
    - target: {fileID: 6582444389858310338, guid: f3ef6e0550f923d4ab42051c74b3c2a5, type: 3}
      propertyPath: m_OnClick.m_PersistentCalls.m_Calls.Array.data[1].m_MethodName
      value: GoToGame
      objectReference: {fileID: 0}
    - target: {fileID: 6582444389858310338, guid: f3ef6e0550f923d4ab42051c74b3c2a5, type: 3}
      propertyPath: m_OnClick.m_PersistentCalls.m_Calls.Array.data[0].m_TargetAssemblyTypeName
      value: GoofTroop.UI.MainMenuController, Assembly-CSharp
      objectReference: {fileID: 0}
    - target: {fileID: 6582444389858310338, guid: f3ef6e0550f923d4ab42051c74b3c2a5, type: 3}
      propertyPath: m_OnClick.m_PersistentCalls.m_Calls.Array.data[1].m_TargetAssemblyTypeName
      value: GoofTroop.UI.MainMenuAnimator, Assembly-CSharp
      objectReference: {fileID: 0}
    - target: {fileID: 6582444389858310338, guid: f3ef6e0550f923d4ab42051c74b3c2a5, type: 3}
      propertyPath: m_OnClick.m_PersistentCalls.m_Calls.Array.data[1].m_Arguments.m_FloatArgument
      value: 0.5
      objectReference: {fileID: 0}
    - target: {fileID: 6582444389858310338, guid: f3ef6e0550f923d4ab42051c74b3c2a5, type: 3}
      propertyPath: m_OnClick.m_PersistentCalls.m_Calls.Array.data[0].m_Arguments.m_StringArgument
      value: Level-01
      objectReference: {fileID: 0}
    - target: {fileID: 6582444389858310338, guid: f3ef6e0550f923d4ab42051c74b3c2a5, type: 3}
      propertyPath: m_OnClick.m_PersistentCalls.m_Calls.Array.data[1].m_Arguments.m_StringArgument
      value: 
      objectReference: {fileID: 0}
    - target: {fileID: 6582444389858310338, guid: f3ef6e0550f923d4ab42051c74b3c2a5, type: 3}
      propertyPath: m_OnClick.m_PersistentCalls.m_Calls.Array.data[0].m_Arguments.m_ObjectArgumentAssemblyTypeName
      value: UnityEngine.Object, UnityEngine
      objectReference: {fileID: 0}
    - target: {fileID: 6582444389858310338, guid: f3ef6e0550f923d4ab42051c74b3c2a5, type: 3}
      propertyPath: m_OnClick.m_PersistentCalls.m_Calls.Array.data[1].m_Arguments.m_ObjectArgumentAssemblyTypeName
      value: UnityEngine.Object, UnityEngine
      objectReference: {fileID: 0}
    - target: {fileID: 6582444390290437411, guid: f3ef6e0550f923d4ab42051c74b3c2a5, type: 3}
      propertyPath: m_Text
      value: GAME
      objectReference: {fileID: 0}
    m_RemovedComponents: []
  m_SourcePrefab: {fileID: 100100000, guid: f3ef6e0550f923d4ab42051c74b3c2a5, type: 3}
--- !u!224 &3301903755099164970 stripped
RectTransform:
  m_CorrespondingSourceObject: {fileID: 6582444389858310337, guid: f3ef6e0550f923d4ab42051c74b3c2a5, type: 3}
  m_PrefabInstance: {fileID: 8541988963931564523}
  m_PrefabAsset: {fileID: 0}
--- !u!114 &5171945166785369235 stripped
MonoBehaviour:
  m_CorrespondingSourceObject: {fileID: 3552580406517235064, guid: f3ef6e0550f923d4ab42051c74b3c2a5, type: 3}
  m_PrefabInstance: {fileID: 8541988963931564523}
  m_PrefabAsset: {fileID: 0}
  m_GameObject: {fileID: 3301903755099164971}
  m_Enabled: 1
  m_EditorHideFlags: 0
  m_Script: {fileID: 11500000, guid: c0c63697dcaed67428e8158d9b7ad197, type: 3}
  m_Name: 
  m_EditorClassIdentifier: 
--- !u!1 &3301903755099164971 stripped
GameObject:
  m_CorrespondingSourceObject: {fileID: 6582444389858310336, guid: f3ef6e0550f923d4ab42051c74b3c2a5, type: 3}
  m_PrefabInstance: {fileID: 8541988963931564523}
  m_PrefabAsset: {fileID: 0}
